<?xml version="1.0" encoding="UTF-8"?><record xmlns="http://www.loc.gov/MARC21/slim" xmlns:cinclude="http://apache.org/cocoon/include/1.0" xmlns:zs="http://www.loc.gov/zing/srw/">
  <leader>00473cz  a2200145n  4500</leader>
  <controlfield tag="001">n  84059255 </controlfield>
  <controlfield tag="003">DLC</controlfield>
  <controlfield tag="005">20081126080130.0</controlfield>
  <controlfield tag="008">840730n| acannaabn          |n aaa      </controlfield>
  <datafield tag="010" ind1=" " ind2=" ">
    <subfield code="a">n  84059255 </subfield>
  </datafield>
  <datafield tag="035" ind1=" " ind2=" ">
    <subfield code="a">(OCoLC)oca01162239</subfield>
  </datafield>
  <datafield tag="040" ind1=" " ind2=" ">
    <subfield code="a">DLC</subfield>
    <subfield code="b">eng</subfield>
    <subfield code="c">DLC</subfield>
    <subfield code="d">OCoLC</subfield>
  </datafield>
  <datafield tag="100" ind1="1" ind2=" ">
    <subfield code="a">Vértesy, Miklós</subfield>
  </datafield>
  <datafield tag="670" ind1=" " ind2=" ">
    <subfield code="a">Tóth, A. A Budapesti Egyetemi Könyvtár története, 1561-1944, 1982:</subfield>
    <subfield code="b">t.p. (Vértesy Miklós)</subfield>
  </datafield>
  <datafield tag="670" ind1=" " ind2=" ">
    <subfield code="a">LC data base, 7-11-84</subfield>
    <subfield code="b">(hdg.: Vértesy, Miklós)</subfield>
  </datafield>
</record>